<record><leader>00000cas a2200000 i 4500</leader><controlfield tag="001">889879819</controlfield><controlfield tag="006">m     o  d        </controlfield><controlfield tag="007">cr |||||||||||</controlfield><controlfield tag="008">140903d18791882azuwr neo     0   a0eng  </controlfield><datafield ind1=" " ind2=" " tag="010"><subfield code="a">  2014218478</subfield></datafield><datafield ind1=" " ind2=" " tag="040"><subfield code="a">DLC</subfield><subfield code="b">eng</subfield><subfield code="e">rda</subfield><subfield code="c">DLC</subfield></datafield><datafield ind1="0" ind2=" " tag="022"><subfield code="a">2374-5983</subfield><subfield code="2">1</subfield></datafield><datafield ind1="1" ind2=" " tag="029"><subfield code="a">NZ1</subfield><subfield code="b">16179465</subfield></datafield><datafield ind1=" " ind2=" " tag="042"><subfield code="a">pcc</subfield><subfield code="a">nsdp</subfield></datafield><datafield ind1=" " ind2=" " tag="043"><subfield code="a">n-us-az</subfield></datafield><datafield ind1="1" ind2="0" tag="050"><subfield code="a">ISSN RECORD</subfield></datafield><datafield ind1="0" ind2="0" tag="082"><subfield code="a">071</subfield><subfield code="2">23</subfield></datafield><datafield ind1="0" ind2=" " tag="130"><subfield code="a">Phoenix herald (1879 : Semiweekly : Online)</subfield></datafield><datafield ind1=" " ind2="4" tag="222"><subfield code="a">The Phoenix herald</subfield><subfield code="b">(1879. Semiweekly. Online)</subfield></datafield><datafield ind1="1" ind2="4" tag="245"><subfield code="a">The Phoenix herald.</subfield></datafield><datafield ind1="1" ind2="3" tag="246"><subfield code="a">Herald</subfield><subfield code="f">Mar. 5, 1879-</subfield></datafield><datafield ind1=" " ind2="1" tag="264"><subfield code="a">Phoenix, Maricopa County, A.T. [Ariz.] :</subfield><subfield code="b">Gosper &amp; McClintock,</subfield><subfield code="c">1879-1882.</subfield></datafield><datafield ind1=" " ind2=" " tag="300"><subfield code="a">1 online resource</subfield></datafield><datafield ind1=" " ind2=" " tag="310"><subfield code="a">Weekly,</subfield><subfield code="b">Oct. 4, 1879-Sept. 15, 1882</subfield></datafield><datafield ind1=" " ind2=" " tag="321"><subfield code="a">Semiweekly,</subfield><subfield code="b">Mar. 5-Oct. 1, 1879</subfield></datafield><datafield ind1=" " ind2=" " tag="336"><subfield code="a">text</subfield><subfield code="b">txt</subfield><subfield code="2">rdacontent</subfield></datafield><datafield ind1=" " ind2=" " tag="337"><subfield code="a">computer</subfield><subfield code="b">c</subfield><subfield code="2">rdamedia</subfield></datafield><datafield ind1=" " ind2=" " tag="338"><subfield code="a">online resource</subfield><subfield code="b">cr</subfield><subfield code="2">rdacarrier</subfield></datafield><datafield ind1="0" ind2=" " tag="362"><subfield code="a">Began with vol. 3, no. 3, whole no. 65, new series no. 10 (March 5, 1879); ceased with vol. VIII, whole no. 914, new series no. 184 (September 15, 1882).</subfield></datafield><datafield ind1=" " ind2=" " tag="500"><subfield code="a">Publisher: Gosper &amp; Morford, &lt;September 1, 1882&gt;-September 15, 1882.</subfield></datafield><datafield ind1=" " ind2=" " tag="515"><subfield code="a">Numbering is irregular, v. 3, no. 4 misnumbered v. 3, no. 3.</subfield></datafield><datafield ind1=" " ind2=" " tag="525"><subfield code="a">Supplements accompany some issues.</subfield></datafield><datafield ind1=" " ind2=" " tag="530"><subfield code="a">Available on microfilm from Recordak Corporation.</subfield></datafield><datafield ind1=" " ind2=" " tag="588"><subfield code="a">Description based on: Vol. 3, no. 3, whole no. 65, new series no. 10 (March 5, 1879); title from masthead (Chroniclingamerica.loc.gov, viewed September 3, 2014).</subfield></datafield><datafield ind1=" " ind2=" " tag="588"><subfield code="a">Latest issue consulted: Vol. VIII, whole no. 914, new series no. 184 (September 15, 1882) (Chroniclingamerica.loc.gov, viewed September 3, 2014).</subfield></datafield><datafield ind1=" " ind2="0" tag="651"><subfield code="a">Phoenix (Ariz.)</subfield><subfield code="v">Newspapers.</subfield></datafield><datafield ind1=" " ind2="0" tag="651"><subfield code="a">Maricopa County (Ariz.)</subfield><subfield code="v">Newspapers.</subfield></datafield><datafield ind1=" " ind2="7" tag="651"><subfield code="a">Arizona</subfield><subfield code="z">Maricopa County.</subfield><subfield code="2">fast</subfield><subfield code="0">(OCoLC)fst01217111</subfield></datafield><datafield ind1=" " ind2="7" tag="651"><subfield code="a">Arizona</subfield><subfield code="z">Phoenix.</subfield><subfield code="2">fast</subfield><subfield code="0">(OCoLC)fst01213753</subfield></datafield><datafield ind1=" " ind2="7" tag="655"><subfield code="a">Newspapers.</subfield><subfield code="2">fast</subfield><subfield code="0">(OCoLC)fst01423814</subfield></datafield><datafield ind1=" " ind2=" " tag="752"><subfield code="a">United States</subfield><subfield code="b">Arizona</subfield><subfield code="c">Maricopa</subfield><subfield code="d">Phoenix.</subfield></datafield><datafield ind1="0" ind2=" " tag="775"><subfield code="t">Phoenix herald (Phoenix, Ariz. : 1879: Daily : Online)</subfield></datafield><datafield ind1="0" ind2="8" tag="776"><subfield code="i">Originally issued in print:</subfield><subfield code="t">Phoenix herald (1879 : Semiweekly)</subfield><subfield code="x">2374-5975</subfield><subfield code="w">(DLC)sn 87062082</subfield><subfield code="w">(OCoLC)15261670</subfield></datafield><datafield ind1="0" ind2="0" tag="780"><subfield code="t">Salt River herald (Online)</subfield></datafield><datafield ind1="0" ind2="0" tag="785"><subfield code="t">Weekly Phoenix herald (Online)</subfield></datafield><datafield ind1="4" ind2="0" tag="856"><subfield code="u">http://www.loc.gov/chroniclingamerica/lccn/sn87062082/issues</subfield></datafield></record>